@article{self2018,
  title={Balanced crystalloids versus saline in noncritically ill adults},
  author={Self, Wesley H and Semler, Matthew W and Wanderer, Jonathan P and Wang, Li and Byrne, Daniel W and Collins, Sean P and Slovis, Corey M and Lindsell, Christopher J and Ehrenfeld, Jesse M and Siew, Edward D and others},
  journal={New England Journal of Medicine},
  volume={378},
  number={9},
  pages={819--828},
  year={2018},
  publisher={Mass Medical Soc}
}

@article{tucker2012outcomes,
  title={Outcomes and challenges in implementing hourly rounds to reduce falls in orthopedic units},
  author={Tucker, Sharon J and Bieber, Patti L and Attlesey-Pries, Jacqueline M and Olson, Marianne E and Dierkhising, Ross A},
  journal={Worldviews on Evidence-Based Nursing},
  volume={9},
  number={1},
  pages={18--29},
  year={2012},
  publisher={Wiley Online Library}
}

@article{sims2018realist,
  title={Realist synthesis of intentional rounding in hospital wards: exploring the evidence of what works, for whom, in what circumstances and why},
  author={Sims, Sarah and Leamy, Mary and Davies, Nigel and Schnitzler, Katy and Levenson, Ros and Mayer, Felicity and Grant, Robert and Brearley, Sally and Gourlay, Stephen and Ross, Fiona and others},
  journal={BMJ Qual Saf},
  volume={27},
  number={9},
  pages={743--757},
  year={2018},
  publisher={BMJ Publishing Group Ltd}
}

@book{francis2013report,
  title={Report of the Mid Staffordshire NHS Foundation Trust public inquiry: executive summary},
  author={Francis, Robert},
  volume={947},
  year={2013},
  publisher={The Stationery Office}
}

@article{brosey2015effectiveness,
  title={Effectiveness of structured hourly nurse rounding on patient satisfaction and clinical outcomes},
  author={Brosey, Lisa A and March, Karen S},
  journal={Journal of Nursing Care Quality},
  volume={30},
  number={2},
  pages={153--159},
  year={2015},
  publisher={LWW}
}

@article{laschinger2005,
  title={A psychometric analysis of the patient satisfaction with nursing care quality questionnaire: an actionable approach to measuring patient satisfaction},
  author={Laschinger, Heather Spence and Hall, Linda McGillis and Pedersen, Cheryl and Almost, Joan},
  journal={Journal of Nursing Care Quality},
  volume={20},
  number={3},
  pages={220--230},
  year={2005},
  publisher={LWW}
}

@article{hutchinson2017mapping,
  title={Mapping trends in the concept of nurse rounding: A bibliometric analysis and research agenda},
  author={Hutchinson, Marie and Higson, Mary and Jackson, Debra},
  journal={International Journal of Nursing Practice},
  volume={23},
  number={6},
  pages={e12584},
  year={2017},
  publisher={Wiley Online Library}
}

@article{hutchinson2016intentional,
  title={Intentional rounding: unpacking the ritual, routine and evidence impasse},
  author={Hutchinson, Marie and Jackson, Debra},
  journal={Journal of Clinical Nursing},
  volume={25},
  number={1-2},
  pages={5--7},
  year={2016},
  publisher={Wiley Online Library}
}

@article{gillespie2014repositioning,
  title={Repositioning for pressure ulcer prevention in adults},
  author={Gillespie, Brigid M and Chaboyer, Wendy P and McInnis, Elizabeth and Kent, Bridie and Whitty, Jennifer A and Thalib, Lukman},
  journal={Cochrane Database of Systematic Reviews},
  volume={4},
  number={4},
  year={2014},
  publisher={John Wiley \& Sons}
}

@article{lockwood2016best,
  title={What is the best nursing handover style to ensure continuity of information for hospital patients?},
  author={Lockwood, Craig},
  journal={International Journal of Nursing Studies},
  volume={58},
  pages={97--99},
  year={2016},
  publisher={Elsevier}
}

@article{richards2018fundamental,
  title={Fundamental nursing care: a systematic review of the evidence on the effect of nursing care interventions for nutrition, elimination, mobility and hygiene},
  author={Richards, David A and Hilli, Angelique and Pentecost, Claire and Goodwin, Victoria A and Frost, Julia},
  journal={Journal of Clinical Nursing},
  volume={27},
  number={11-12},
  pages={2179--2188},
  year={2018},
  publisher={Wiley Online Library}
}

@article{christiansen2018intentional,
  title={Intentional rounding in acute adult healthcare settings: A systematic mixed-method review},
  author={Christiansen, Angela and Coventry, Linda and Graham, Ren{\'e}e and Jacob, Elisabeth and Twigg, Di and Whitehead, Lisa},
  journal={Journal of Clinical Nursing},
  volume={27},
  number={9-10},
  pages={1759--1792},
  year={2018},
  publisher={Wiley Online Library}
}

@article{toole2016systematic,
  title={A systematic review: barriers to hourly rounding},
  author={Toole, Nicole and Meluskey, Tamara and Hall, Norma},
  journal={Journal of Nursing Management},
  volume={24},
  number={3},
  pages={283--290},
  year={2016},
  publisher={Wiley Online Library}
}

@article{flowers2016intentional,
  title={Intentional rounding: facilitators, benefits and barriers},
  author={Flowers, Kelli and Wright, Kylie and Langdon, Rachel and McIlwrath, Maureen and Wainwright, Craig and Johnson, Maree},
  journal={Journal of Clinical Nursing},
  volume={25},
  number={9-10},
  pages={1346--1355},
  year={2016},
  publisher={Wiley Online Library}
}

@article{,
  title={Hourly rounding supplement . Best practice: Sacred Heart Hospital Pensacola, Florida,},
  author={Flowers, Kelli and Wright, Kylie and Langdon, Rachel and McIlwrath, Maureen and Wainwright, Craig and Johnson, Maree},
  journal={Journal of Clinical Nursing},
  volume={25},
  number={9-10},
  pages={1346--1355},
  year={2016},
  publisher={Wiley Online Library}
}

@online{studer2007,
  author = {Studer Group},
  title = {Hourly rounding supplement. Best practice: Sacred Heart Hospital },
  year = 2007,
  url = {https://www.mc.vanderbilt.edu/root/pdfs/nursing/hourly_rounding_supplement-studer_group.pdf},
  urldate = {2019-02-05}
}