@Book{francis2013report,
  title = {Report of the {{Mid Staffordshire NHS Foundation Trust}} Public Inquiry: Executive Summary},
  volume = {947},
  publisher = {{The Stationery Office}},
  author = {Robert Francis},
  year = {2013},
}

@Book{francis2013report,
  title = {Report of the {{Mid Staffordshire NHS Foundation Trust}} Public Inquiry: Executive Summary},
  volume = {947},
  publisher = {{The Stationery Office}},
  author = {Robert Francis},
  year = {2013},
}
